@article{Sousa,
  author = {Sousa, S.G. and Santos, N.C. and Israelian, C. and Mayor, M. and Udry, S.},
  @title  = {Spectroscopic stellar parameters for 582 FGK stars in the HARPS
volume-limited sample},
  journal = {A\textnormal{\&}A},
  year = {2011},
  volume = {\bf{533}},
  pages = {A141}
}

@article{Anderson,
  author = {Anderson, D.R. and Collier Cameron, A.},
  @title  = {WASP-44b,WASP-45b andWASP-46b: three short-period, transiting
extrasolar planets},
  journal = {MNRAS},
  year = {2011},
  volume = {\bf{422}},
  pages = {}
}

@article{claret2011,
  author = {Claret, A. and Bloemen, S.},
  @title  = {Gravity and limb-darkening coefficients for the Kepler, CoRoT,
Spitzer, uvby, UBVRIJHK, and Sloan photometric systems},
  journal = {A\textnormal{\&}A},
  year = {2011},
  volume = {\bf{529}},
  pages = {A75}
}

@article{claret2017,
  author = {Claret, A.},
  @title  = {Limb and gravity-darkening coefficients for the TESS satellite
at several metallicities, surface gravities,
and microturbulent velocities},
  journal = {A\textnormal{\&}A},
  year = {2017},
  volume = {\bf{600}},
  pages = {A30}
}

@article{claret2018,
  author = {Claret, A.},
  @title  = {A new method to compute limb-darkening coefficients for stellar
atmosphere models with spherical symmetry: the space missions
TESS, Kepler, CoRoT, and MOST},
  journal = {A\textnormal{\&}A},
  year = {2018},
  volume = {\bf{618}},
  pages = {A20}
}

@MISC{Morton,
  author = {Morton, Timothy D.},
  @title = "{isochrones: Stellar model grid package}",
  year = {2015},
  eprint = {1503.010},
}


@article{Jenkins
  author = {Jon M. Jenkins and Joseph D. Twicken},
  @title = {The TESS science processing operations center},
  journal = {Software and Cyberinfrastructure for Astronomy IV},
  year = 2016,
  editor = {{Chiozzi}, Gianluca and {Guzman}, Juan C.},
  series = {Society of Photo-Optical Instrumentation Engineers (SPIE) Conference Series},
  volume = {9913},
  pages = {},
  doi = {10.1117/12.2233418},
      
}




@article{Hippke et al,
       author = {{Hippke}, Michael and {David}, Trevor J. and {Mulders}, Gijs D. and {Heller}, Ren{\'e}},
        title = "{Wotan: Comprehensive Time-series Detrending in Python}",
      journal = {\aj},
     keywords = {eclipses, methods: data analysis, methods: statistical, planetary systems, planets and satellites: detection, Astrophysics - Earth and Planetary Astrophysics, Astrophysics - Instrumentation and Methods for Astrophysics},
         year = 2019,
        month = oct,
       volume = {158},
       number = {4},
          eid = {143},
        pages = {143},
          doi = {10.3847/1538-3881/ab3984},
archivePrefix = {arXiv},
       eprint = {1906.00966},
 primaryClass = {astro-ph.EP},
       adsurl = {https://ui.adsabs.harvard.edu/abs/2019AJ....158..143H},
      adsnote = {Provided by the SAO/NASA Astrophysics Data System}

}



@article{Hippke,
       author = {{Hippke}, Michael and {Heller}, Ren{\'e}},
        title = "{Optimized transit detection algorithm to search for periodic transits of small planets}",
      journal = {\aap},
     keywords = {eclipses, methods: data analysis, planets and satellites: detection, planets and satellites: individual: TRAPPIST-1, methods: statistical, Astrophysics - Earth and Planetary Astrophysics, Astrophysics - Instrumentation and Methods for Astrophysics},
         year = 2019,
        month = mar,
       volume = {623},
          eid = {A39},
        pages = {A39},
          doi = {10.1051/0004-6361/201834672},
archivePrefix = {arXiv},
       eprint = {1901.02015},
 primaryClass = {astro-ph.EP},
       adsurl = {https://ui.adsabs.harvard.edu/abs/2019A&A...623A..39H},
      adsnote = {Provided by the SAO/NASA Astrophysics Data System}
}



