@article{Sousa,
  author = {Sousa, S.G. and Santos, N.C. and Israelian, C. and Mayor, M. and Udry, S.},
  title  = {Spectroscopic stellar parameters for 582 FGK stars in the HARPS
volume-limited sample},
  journal = {Astronomy\&Astrophysics},
  year = {2011},
  volume = {\bf{533}},
  pages = {A141}
}

@article{Anderson,
  author = {Anderson, D.R. and Collier Cameron, A.},
  title  = {WASP-44b,WASP-45b andWASP-46b: three short-period, transiting
extrasolar planets},
  journal = {Monthly Notices of the Royal Astronomical Society},
  year = {2011},
  volume = {\bf{422}},
  pages = {}
}